<?xml version="1.0" encoding="UTF-8"?><collection xmlns="http://www.loc.gov/MARC21/slim"><record><leader>00473nam--2200181-u-4500</leader><controlfield tag="001">000052844</controlfield><controlfield tag="002">20161230</controlfield><controlfield tag="005">20161230201050</controlfield><controlfield tag="008">101123s1000------------r-----000-0-rus-d</controlfield><datafield ind1=" " ind2=" " tag="040"><subfield code="a">IFIN-HH</subfield></datafield><datafield ind1=" " ind2=" " tag="041"><subfield code="a">rus</subfield></datafield><datafield ind1=" " ind2=" " tag="080"><subfield code="a">535.8:535.318.001</subfield></datafield><datafield ind1="1" ind2=" " tag="100"><subfield code="a">Levshin, V.L</subfield></datafield><datafield ind1="1" ind2="0" tag="245"><subfield code="a">Obrabotka informatii v opticeskih sistemah pelengatii</subfield><subfield code="c">V.l. levshin</subfield></datafield><datafield ind1=" " ind2=" " tag="260"><subfield code="a">Moskva</subfield><subfield code="b">Mashinostroenie</subfield><subfield code="c">1978</subfield></datafield><datafield ind1=" " ind2=" " tag="300"><subfield code="a">168 P</subfield></datafield><datafield ind1=" " ind2=" " tag="852"><subfield code="a">46737</subfield><subfield code="c">535</subfield></datafield><datafield ind1=" " ind2=" " tag="CAT"><subfield code="a">Sys</subfield><subfield code="c">20101123</subfield><subfield code="h">115751</subfield></datafield></record></collection>